@article{dijkstragoto,
 author = {Dijkstra, Edsger W.},
 title = {Letters to the Editor: Go to Statement Considered Harmful},
 journal = {Commun. ACM},
 issue_date = {March 1968},
 volume = {11},
 number = {3},
 month = mar,
 year = {1968},
 issn = {0001-0782},
 pages = {147--148},
 numpages = {2},
 url = {http://doi.acm.org.ezproxy.falmouth.ac.uk/10.1145/362929.362947},
 doi = {10.1145/362929.362947},
 acmid = {362947},
 publisher = {ACM},
 address = {New York, NY, USA},
 keywords = {alternative clause, branch instruction, conditional clause, go to statement, jump instruction, program intelligibility, program sequencing, repetitive clause},
} 


@article{casefor,
 author = {Hopkins, Martin E.},
 title = {A Case for the GOTO},
 journal = {SIGPLAN Not.},
 issue_date = {November 1972},
 volume = {7},
 number = {11},
 month = nov,
 year = {1972},
 issn = {0362-1340},
 pages = {59--62},
 numpages = {4},
 url = {http://doi.acm.org.ezproxy.falmouth.ac.uk/10.1145/987361.987371},
 doi = {10.1145/987361.987371},
 acmid = {987371},
 publisher = {ACM},
 address = {New York, NY, USA},
 keywords = {\<u\>goto\</u\>, block structure languages, programming style},
}

@article{structuretheorem,
 author = {B\"{o}hm, Corrado and Jacopini, Giuseppe},
 title = {Flow Diagrams, Turing Machines and Languages with Only Two Formation Rules},
 journal = {Commun. ACM},
 issue_date = {May 1966},
 volume = {9},
 number = {5},
 month = may,
 year = {1966},
 issn = {0001-0782},
 pages = {366--371},
 numpages = {6},
 url = {http://doi.acm.org.ezproxy.falmouth.ac.uk/10.1145/355592.365646},
 doi = {10.1145/355592.365646},
 acmid = {365646},
 publisher = {ACM},
 address = {New York, NY, USA},
} 

@article{useofgoto,
 author = {Doss, Roger},
 title = {Using Goto Statements},
 journal = {SIGSOFT Softw. Eng. Notes},
 issue_date = {September 2014},
 volume = {39},
 number = {5},
 month = sep,
 year = {2014},
 issn = {0163-5948},
 pages = {1--3},
 numpages = {3},
 url = {http://doi.acm.org.ezproxy.falmouth.ac.uk/10.1145/2659118.2659129},
 doi = {10.1145/2659118.2659129},
 acmid = {2659129},
 publisher = {ACM},
 address = {New York, NY, USA},
 keywords = {goto statements},
} 

@article{structuredharmful,
 author = {Abrahams, Paul},
 title = {"Structured Programming" Considered Harmful},
 journal = {SIGPLAN Not.},
 issue_date = {April 1975},
 volume = {10},
 number = {4},
 month = apr,
 year = {1975},
 issn = {0362-1340},
 pages = {13--24},
 numpages = {12},
 url = {http://doi.acm.org.ezproxy.falmouth.ac.uk/10.1145/987278.987280},
 doi = {10.1145/987278.987280},
 acmid = {987280},
 publisher = {ACM},
 address = {New York, NY, USA},
} 

@article{doublyharmful,
	title = "Go to considered harmful considered harmful",
	journal = "Commun. ACM",
	author = "F. Rubin",
	pages = "195-196",
	year = "1987",
	month = mar,
	volume = "30",
	issue = "3",
}

@article{dijkstraharmful,
 author = {DuWorks, Robert J. and Smoliar, Steven W.},
 title = {The Arrogant Programmer: Dijkstra and Wegner Considered Harmful},
 journal = {SIGCSE Bull.},
 issue_date = {Dec. 1972},
 volume = {4},
 number = {4},
 month = dec,
 year = {1972},
 issn = {0097-8418},
 pages = {19--21},
 numpages = {3},
 url = {http://doi.acm.org.ezproxy.falmouth.ac.uk/10.1145/382224.382454},
 doi = {10.1145/382224.382454},
 acmid = {382454},
 publisher = {ACM},
 address = {New York, NY, USA},
} 

@article{compromise,
 author = {Knuth, Donald E.},
 title = {Structured Programming with Go to Statements},
 journal = {ACM Comput. Surv.},
 issue_date = {Dec. 1974},
 volume = {6},
 number = {4},
 month = dec,
 year = {1974},
 issn = {0360-0300},
 pages = {261--301},
 numpages = {41},
 url = {http://doi.acm.org.ezproxy.falmouth.ac.uk/10.1145/356635.356640},
 doi = {10.1145/356635.356640},
 acmid = {356640},
 publisher = {ACM},
 address = {New York, NY, USA},
} 


@article{algoldev,
 author = {Perlis, Alan J.},
 title = {The American Side of the Development of Algol},
 journal = {SIGPLAN Not.},
 issue_date = {August 1978},
 volume = {13},
 number = {8},
 month = aug,
 year = {1978},
 issn = {0362-1340},
 pages = {3--14},
 numpages = {12},
 url = {http://doi.acm.org.ezproxy.falmouth.ac.uk/10.1145/960118.808369},
 doi = {10.1145/960118.808369},
 acmid = {808369},
 publisher = {ACM},
 address = {New York, NY, USA},
} 


@inproceedings{debatecont,
	author = {Roberts, Eric S.},
	title = {Loop Exits and Structured Programming: Reopening the Debate},
	booktitle = {Proceedings of the Twenty-sixth SIGCSE Technical Symposium on Computer Science Education},
	series = {SIGCSE '95},
	year = {1995},
	isbn = {0-89791-693-X},
	location = {Nashville, Tennessee, USA},
	pages = {268--272},
	numpages = {5},
	url = {http://doi.acm.org.ezproxy.falmouth.ac.uk/10.1145/199688.199815},
	doi = {10.1145/199688.199815},
	acmid = {199815},
	publisher = {ACM},
	address = {New York, NY, USA},
} 